@inproceedings{DBLP:conf/icmas/RaoG95,
  author    = {Anand S. Rao and
               Michael P. Georgeff},
  title     = {BDI Agents: From Theory to Practice},
  booktitle = {ICMAS},
  year      = {1995},
  pages     = {312-319},
  crossref  = {DBLP:conf/icmas/1995},
  bibsource = {DBLP, http://dblp.uni-trier.de}
}

@PhDThesis{PhDThesis/Bourgne,
title = {Hypotheses refinement and propagation with communication constraints},
author = {Gauvain Bourgne},
school = {University Paris IX Dauphine},
year = {2008}}

@article{DBLP:journals/aicom/GebserKKOSS11,
  author    = {Martin Gebser and
               Benjamin Kaufmann and
               Roland Kaminski and
               Max Ostrowski and
               Torsten Schaub and
               Marius Thomas Schneider},
  title     = {Potassco: The Potsdam Answer Set Solving Collection},
  journal   = {AI Commun.},
  volume    = {24},
  number    = {2},
  year      = {2011},
  pages     = {107-124},
  ee        = {http://dx.doi.org/10.3233/AIC-2011-0491},
  bibsource = {DBLP, http://dblp.uni-trier.de}
}

@inproceedings{DBLP:conf/ijcai/SakamaSP11,
  author    = {Chiaki Sakama and
               Tran Cao Son and
               Enrico Pontelli},
  title     = {A Logical Formulation for Negotiation among Dishonest Agents},
  booktitle = {IJCAI},
  year      = {2011},
  pages     = {1069-1074},
  ee        = {http://ijcai.org/papers11/Papers/IJCAI11-183.pdf},
  crossref  = {DBLP:conf/ijcai/2011},
  bibsource = {DBLP, http://dblp.uni-trier.de}
}

@inproceedings{DBLP:conf/atal/BaralGSP10,
  author    = {Chitta Baral and
               Gregory Gelfond and
               Tran Cao Son and
               Enrico Pontelli},
  title     = {Using answer set programming to model multi-agent scenarios
               involving agents' knowledge about other's knowledge},
  booktitle = {AAMAS},
  year      = {2010},
  pages     = {259-266},
  ee        = {http://doi.acm.org/10.1145/1838206.1838243},
  crossref  = {DBLP:conf/atal/2010},
  bibsource = {DBLP, http://dblp.uni-trier.de}
}

@inproceedings{DBLP:conf/ecai/BourgneIM10,
  author    = {Gauvain Bourgne and
               Katsumi Inoue and
               Nicolas Maudet},
  title     = {Abduction of distributed theories through local interactions},
  booktitle = {ECAI},
  year      = {2010},
  pages     = {901-906},
  ee        = {http://dx.doi.org/10.3233/978-1-60750-606-5-901},
  crossref  = {DBLP:conf/ecai/2010},
  bibsource = {DBLP, http://dblp.uni-trier.de}
}

@inproceedings{DBLP:conf/lads/BourgneIM10,
  author    = {Gauvain Bourgne and
               Katsumi Inoue and
               Nicolas Maudet},
  title     = {Towards Efficient Multi-agent Abduction Protocols},
  booktitle = {LADS},
  year      = {2010},
  pages     = {19-38},
  ee        = {http://dx.doi.org/10.1007/978-3-642-22723-3_2},
  crossref  = {DBLP:conf/lads/2010},
  bibsource = {DBLP, http://dblp.uni-trier.de}
}

@article{DBLP:journals/amai/KowalskiS11,
  author    = {Robert A. Kowalski and
               Fariba Sadri},
  title     = {Abductive logic programming agents with destructive databases},
  journal   = {Ann. Math. Artif. Intell.},
  volume    = {62},
  number    = {1-2},
  year      = {2011},
  pages     = {129-158},
  ee        = {http://dx.doi.org/10.1007/s10472-011-9253-y},
  bibsource = {DBLP, http://dblp.uni-trier.de}
}

@inproceedings{DBLP:conf/datalog/Costantini10,
  author    = {Stefania Costantini},
  title     = {Answer Set Modules for Logical Agents},
  booktitle = {Datalog},
  year      = {2010},
  pages     = {37-58},
  ee        = {http://dx.doi.org/10.1007/978-3-642-24206-9_3},
  crossref  = {DBLP:conf/datalog/2010},
  bibsource = {DBLP, http://dblp.uni-trier.de}
}

@article{DBLP:journals/ci/FisherBHT07,
  author    = {Michael Fisher and
               Rafael H. Bordini and
               Benjamin Hirsch and
               Paolo Torroni},
  title     = {Computational Logics and Agents: A Road Map of Current Technologies
               and Future Trends},
  journal   = {Computational Intelligence},
  volume    = {23},
  number    = {1},
  year      = {2007},
  pages     = {61-91},
  ee        = {http://dx.doi.org/10.1111/j.1467-8640.2007.00295.x},
  bibsource = {DBLP, http://dblp.uni-trier.de}
}

@inproceedings{DBLP:conf/clima/NieuwenborghVHV06,
  author    = {Davy Van Nieuwenborgh and
               Marina De Vos and
               Stijn Heymans and
               Dirk Vermeir},
  title     = {Hierarchical Decision Making in Multi-agent Systems Using
               Answer Set Programming},
  booktitle = {CLIMA},
  year      = {2006},
  pages     = {20-40},
  ee        = {http://dx.doi.org/10.1007/978-3-540-69619-3_2},
  crossref  = {DBLP:conf/clima/2006},
  bibsource = {DBLP, http://dblp.uni-trier.de}
}

@article{DBLP:journals/japll/TranB09,
  author    = {Nam Tran and
               Chitta Baral},
  title     = {Hypothesizing about signaling networks},
  journal   = {J. Applied Logic},
  volume    = {7},
  number    = {3},
  year      = {2009},
  pages     = {253-274},
  ee        = {http://dx.doi.org/10.1016/j.jal.2008.10.001},
  bibsource = {DBLP, http://dblp.uni-trier.de}
}

@inproceedings{DBLP:conf/lpnmr/Costantini09,
  author    = {Stefania Costantini},
  title     = {Integrating Answer Set Modules into Agent Programs},
  booktitle = {LPNMR},
  year      = {2009},
  pages     = {613-615},
  ee        = {http://dx.doi.org/10.1007/978-3-642-04238-6_67},
  crossref  = {DBLP:conf/lpnmr/2009},
  bibsource = {DBLP, http://dblp.uni-trier.de}
}

@article{DBLP:journals/amai/KowalskiS99,
  author    = {Robert A. Kowalski and
               Fariba Sadri},
  title     = {From Logic Programming Towards Multi-Agent Systems},
  journal   = {Ann. Math. Artif. Intell.},
  volume    = {25},
  number    = {3-4},
  year      = {1999},
  pages     = {391-419},
  ee        = {http://dx.doi.org/10.1023/A:1018934223383},
  bibsource = {DBLP, http://dblp.uni-trier.de}
}

@inproceedings{DBLP:conf/aaaiss/BaralAD06,
  author    = {Chitta Baral and
               Saadat Anwar and
               Juraj Dzifcak},
  title     = {Macros, Macro Calls and Use of Ensembles in Modular Answer
               Set Programming},
  booktitle = {AAAI Spring Symposium: Formalizing and Compiling Background
               Knowledge and Its Applications to Knowledge Representation
               and Question Answering},
  year      = {2006},
  pages     = {1-9},
  ee        = {http://www.aaai.org/Library/Symposia/Spring/2006/ss06-05-001.php},
  crossref  = {DBLP:conf/aaaiss/2006-5},
  bibsource = {DBLP, http://dblp.uni-trier.de}
}

@inproceedings{DBLP:conf/birthday/FaberW11,
  author    = {Wolfgang Faber and
               Stefan Woltran},
  title     = {Manifold Answer-Set Programs and Their Applications},
  booktitle = {Logic Programming, Knowledge Representation, and Nonmonotonic
               Reasoning},
  year      = {2011},
  pages     = {44-63},
  ee        = {http://dx.doi.org/10.1007/978-3-642-20832-4_4},
  crossref  = {DBLP:conf/birthday/2011gelfond},
  bibsource = {DBLP, http://dblp.uni-trier.de}
}

@inproceedings{DBLP:conf/birthday/BaralG11,
  author    = {Chitta Baral and
               Gregory Gelfond},
  title     = {On Representing Actions in Multi-agent Domains},
  booktitle = {Logic Programming, Knowledge Representation, and Nonmonotonic
               Reasoning},
  year      = {2011},
  pages     = {213-232},
  ee        = {http://dx.doi.org/10.1007/978-3-642-20832-4_15},
  crossref  = {DBLP:conf/birthday/2011gelfond},
  bibsource = {DBLP, http://dblp.uni-trier.de}
}

@inproceedings{DBLP:conf/lpnmr/NicolasD01,
  author    = {Pascal Nicolas and
               B{\'e}atrice Duval},
  title     = {Representation of Incomplete Knowledge by Induction of Default
               Theories},
  booktitle = {LPNMR},
  year      = {2001},
  pages     = {160-172},
  ee        = {http://dx.doi.org/10.1007/3-540-45402-0_12},
  crossref  = {DBLP:conf/lpnmr/2001},
  bibsource = {DBLP, http://dblp.uni-trier.de}
}

@inproceedings{DBLP:conf/aaai/NakamuraBB00,
  author    = {Mutsumi Nakamura and
               Chitta Baral and
               Marcus Bj{\"a}reland},
  title     = {Maintainability: A Weaker Stabilizability Like Notion for
               High Level Control},
  booktitle = {AAAI/IAAI},
  year      = {2000},
  pages     = {62-67},
  crossref  = {DBLP:conf/aaai/2000},
  bibsource = {DBLP, http://dblp.uni-trier.de}
}

@inproceedings{DBLP:conf/ijcai/HatanoH11,
  author    = {Daisuke Hatano and
               Katsutoshi Hirayama},
  title     = {Dynamic SAT with Decision Change Costs: Formalization and
               Solutions},
  booktitle = {IJCAI},
  year      = {2011},
  pages     = {560-565},
  ee        = {http://ijcai.org/papers11/Papers/IJCAI11-101.pdf},
  crossref  = {DBLP:conf/ijcai/2011},
  bibsource = {DBLP, http://dblp.uni-trier.de}
}
